<?xml version="1.0" encoding="UTF-8"?><collection xmlns="http://www.loc.gov/MARC21/slim"><record><leader>00366nam--2200133-i-4500</leader><controlfield tag="001">000041807</controlfield><controlfield tag="002">20161230</controlfield><controlfield tag="005">20161230201043</controlfield><controlfield tag="008">060222s1000------------r-----000-0-eng-d</controlfield><datafield ind1=" " ind2=" " tag="080"><subfield code="a">621.744.528.5.001.24:621.741.4</subfield></datafield><datafield ind1=" " ind2=" " tag="100"><subfield code="a">Skvortov,A.A</subfield></datafield><datafield ind1=" " ind2=" " tag="245"><subfield code="a">Calculul racitoarelor pentru piesele turnate din otel</subfield></datafield><datafield ind1=" " ind2=" " tag="260"><subfield code="a">Bucuresti, Idt, 1957. 103 P.+ Fig</subfield></datafield><datafield ind1=" " ind2=" " tag="852"><subfield code="a">4515</subfield></datafield></record></collection>